@book{lamport1994latex,
  title={LATEX: a document preparation system: user's guide and reference manual},
  author={Lamport, Leslie},
  year={1994},
  publisher={Addison-wesley}
}

@book{loeliger2012version,
  title={Version Control with Git: Powerful tools and techniques for collaborative software development},
  author={Loeliger, Jon and McCullough, Matthew},
  year={2012},
  publisher={" O'Reilly Media, Inc."}
}

@inproceedings{cederman2008practical,
  title={A practical quicksort algorithm for graphics processors},
  author={Cederman, Daniel and Tsigas, Philippas},
  booktitle={European Symposium on Algorithms},
  pages={246--258},
  year={2008},
  organization={Springer}
}

@article{cederman2009gpu,
  title={Gpu-quicksort: A practical quicksort algorithm for graphics processors},
  author={Cederman, Daniel and Tsigas, Philippas},
  journal={Journal of Experimental Algorithmics (JEA)},
  volume={14},
  pages={4},
  year={2009},
  publisher={ACM}
}